@inproceedings{Impossibility2002,
	author = {Kleinberg, Jon},
	booktitle = {Advances in Neural Information Processing Systems},
	editor = {S. Becker and S. Thrun and K. Obermayer},
	pages = {},
	publisher = {MIT Press},
	title = {An Impossibility Theorem for Clustering},
	url = {https://proceedings.neurips.cc/paper/2002/file/43e4e6a6f341e00671e123714de019a8-Paper.pdf},
	volume = {15},
	year = {2002}
}

@article{Bootstrap2013,
	doi = {10.48550/ARXIV.1311.0376},
	url = {https://arxiv.org/abs/1311.0376},
	author = {Chazal, Frédéric and Fasy, Brittany Terese and Lecci, Fabrizio and Rinaldo, Alessandro and Singh, Aarti and Wasserman, Larry},
	keywords = {Algebraic Topology (math.AT), Computational Geometry (cs.CG), Applications (stat.AP), FOS: Mathematics, FOS: Mathematics, FOS: Computer and information sciences, FOS: Computer and information sciences},
	title = {On the Bootstrap for Persistence Diagrams and Landscapes},
	publisher = {arXiv},
	year = {2013},
	copyright = {arXiv.org perpetual, non-exclusive license}
}

@misc{DensityBasedMetricLearning2020,
	doi = {10.48550/ARXIV.2012.07621},
	
	url = {https://arxiv.org/abs/2012.07621},
	
	author = {Borghini, Eugenio and Fernández, Ximena and Groisman, Pablo and Mindlin, Gabriel},
	
	keywords = {Machine Learning (stat.ML), Machine Learning (cs.LG), Algebraic Topology (math.AT), Probability (math.PR), FOS: Computer and information sciences, FOS: Computer and information sciences, FOS: Mathematics, FOS: Mathematics, 62G05, 62G20, 62-07, 57N16, 57N25, 55U10},
	
	title = {Intrinsic persistent homology via density-based metric learning},
	
	publisher = {arXiv},
	
	year = {2020},
	
	copyright = {arXiv.org perpetual, non-exclusive license}
}

@misc{chazal2016high,
	title={High-dimensional topological data analysis},
	author={Chazal, Fr{\'e}d{\'e}ric},
	year={2016},
	publisher={CRC Press}
}

@misc{Anai2018,
	doi = {10.48550/ARXIV.1811.04757},
	url = {https://arxiv.org/abs/1811.04757},
	author = {Anai, Hirokazu and Chazal, Frédéric and Glisse, Marc and Ike, Yuichi and Inakoshi, Hiroya and Tinarrage, Raphaël and Umeda, Yuhei},
	keywords = {Computational Geometry (cs.CG), Algebraic Topology (math.AT), FOS: Computer and information sciences, FOS: Computer and information sciences, FOS: Mathematics, FOS: Mathematics},
	title = {DTM-based Filtrations},
	publisher = {arXiv},
	year = {2018},
	copyright = {arXiv.org perpetual, non-exclusive license}
}

@misc{Buchet2013,
	doi = {10.48550/ARXIV.1306.0039},
	
	url = {https://arxiv.org/abs/1306.0039},
	
	author = {Buchet, Mickael and Chazal, Frederic and Oudot, Steve Y. and Sheehy, Donald R.},
	
	keywords = {Computational Geometry (cs.CG), FOS: Computer and information sciences, FOS: Computer and information sciences},
	
	title = {Efficient and Robust Persistent Homology for Measures},
	
	publisher = {arXiv},
	
	year = {2013},
	
	copyright = {arXiv.org perpetual, non-exclusive license}
}

@misc{Hoefgeest2022,
	doi = {10.48550/ARXIV.2211.15489},
	
	url = {https://arxiv.org/abs/2211.15489},
	
	author = {Hoefgeest, Pepijn Roos and Slot, Lucas},
	
	keywords = {Algebraic Topology (math.AT), Computational Geometry (cs.CG), Optimization and Control (math.OC), FOS: Mathematics, FOS: Mathematics, FOS: Computer and information sciences, FOS: Computer and information sciences, 55-08, 51-08, 14P10},
	
	title = {The Christoffel-Darboux kernel for topological data analysis},
	
	publisher = {arXiv},
	
	year = {2022},
	
	copyright = {arXiv.org perpetual, non-exclusive license}
}


@misc{Solomon2021,
	doi = {10.48550/ARXIV.2101.12288},
	
	url = {https://arxiv.org/abs/2101.12288},
	
	author = {Solomon, Elchanan and Wagner, Alexander and Bendich, Paul},
	
	keywords = {Algebraic Topology (math.AT), Machine Learning (cs.LG), Machine Learning (stat.ML), FOS: Mathematics, FOS: Mathematics, FOS: Computer and information sciences, FOS: Computer and information sciences},
	
	title = {From Geometry to Topology: Inverse Theorems for Distributed Persistence},
	
	publisher = {arXiv},
	
	year = {2021},
	
	copyright = {Creative Commons Attribution Share Alike 4.0 International}
}

@misc{corbet2021,
	doi = {10.48550/ARXIV.2103.07823},
	
	url = {https://arxiv.org/abs/2103.07823},
	
	author = {Corbet, René and Kerber, Michael and Lesnick, Michael and Osang, Georg},
	
	keywords = {Computational Geometry (cs.CG), Algebraic Topology (math.AT), FOS: Computer and information sciences, FOS: Computer and information sciences, FOS: Mathematics, FOS: Mathematics},
	
	title = {Computing the Multicover Bifiltration},
	
	publisher = {arXiv},
	
	year = {2021},
	
	copyright = {Creative Commons Attribution 4.0 International}
}

@inproceedings{sheehy2012multicover,
	title={A Multicover Nerve for Geometric Inference.},
	author={Sheehy, Donald R},
	booktitle={CCCG},
	pages={309--314},
	year={2012}
}

@misc{Botnan2022,
	doi = {10.48550/ARXIV.2203.14289},
	
	url = {https://arxiv.org/abs/2203.14289},
	
	author = {Botnan, Magnus Bakke and Lesnick, Michael},
	
	keywords = {Algebraic Topology (math.AT), Computational Geometry (cs.CG), Representation Theory (math.RT), FOS: Mathematics, FOS: Mathematics, FOS: Computer and information sciences, FOS: Computer and information sciences},
	
	title = {An Introduction to Multiparameter Persistence},
	
	publisher = {arXiv},
	
	year = {2022},
	
	copyright = {Creative Commons Attribution 4.0 International}
}

@article{Panaretos_2019,
	doi = {10.1146/annurev-statistics-030718-104938},
	url = {https://doi.org/10.1146%2Fannurev-statistics-030718-104938},
	year = 2019,
	month = {mar},
	publisher = {Annual Reviews},
	volume = {6},
	number = {1},
	pages = {405--431},
	author = {Victor M. Panaretos and Yoav Zemel},
	title = {Statistical Aspects of Wasserstein Distances},
	journal = {Annual Review of Statistics and Its Application}
}

@article{edelsbrunner2021multi,
	title={The multi-cover persistence of Euclidean balls},
	author={Edelsbrunner, Herbert and Osang, Georg},
	journal={Discrete \& Computational Geometry},
	volume={65},
	pages={1296--1313},
	year=2021,
	publisher={Springer}
}


@inproceedings{de2004topological,
	title={Topological estimation using witness complexes.},
	author={De Silva, Vin and Carlsson, Gunnar E},
	booktitle={PBG},
	pages={157--166},
	year={2004}
}

@article{li2011concise,
	title={Concise formulas for the area and volume of a hyperspherical cap},
	author={Li, Shengqiao},
	journal={Asian Journal of Mathematics and Statistics},
	volume={4},
	number={1},
	pages={66--70},
	year={2011}
}


@article{de2007coverage,
	title={Coverage in sensor networks via persistent homology},
	author={De Silva, Vin and Ghrist, Robert},
	journal={Algebraic \& Geometric Topology},
	volume={7},
	number={1},
	pages={339--358},
	year={2007},
	publisher={Mathematical Sciences Publishers}
}

@misc{Vishwanath2020,
	doi = {10.48550/ARXIV.2006.10012},
	
	url = {https://arxiv.org/abs/2006.10012},
	
	author = {Vishwanath, Siddharth and Fukumizu, Kenji and Kuriki, Satoshi and Sriperumbudur, Bharath},
	
	keywords = {Statistics Theory (math.ST), Computational Geometry (cs.CG), Machine Learning (cs.LG), Algebraic Topology (math.AT), Machine Learning (stat.ML), FOS: Mathematics, FOS: Mathematics, FOS: Computer and information sciences, FOS: Computer and information sciences, 55N31, 62R40, 62G07, 46E22},
	
	title = {Robust Persistence Diagrams using Reproducing Kernels},
	
	publisher = {arXiv},
	
	year = {2020},
	
	copyright = {arXiv.org perpetual, non-exclusive license}
}

@misc{Chazal2014,
	doi = {10.48550/ARXIV.1412.7197},
	
	url = {https://arxiv.org/abs/1412.7197},
	
	author = {Chazal, Frédéric and Fasy, Brittany T. and Lecci, Fabrizio and Michel, Bertrand and Rinaldo, Alessandro and Wasserman, Larry},
	
	keywords = {Statistics Theory (math.ST), Computational Geometry (cs.CG), Algebraic Topology (math.AT), FOS: Mathematics, FOS: Mathematics, FOS: Computer and information sciences, FOS: Computer and information sciences},
	
	title = {Robust Topological Inference: Distance To a Measure and Kernel Distance},
	
	publisher = {arXiv},
	
	year = {2014},
	
	copyright = {arXiv.org perpetual, non-exclusive license}
}

@misc{Chazal2015,  
	doi = {10.48550/ARXIV.1505.07602},
	
	url = {https://arxiv.org/abs/1505.07602},
	
	author = {Chazal, Frédéric and Massart, Pascal and Michel, Bertrand},
	
	keywords = {Statistics Theory (math.ST), Computational Geometry (cs.CG), FOS: Mathematics, FOS: Mathematics, FOS: Computer and information sciences, FOS: Computer and information sciences, 62G05, 62G30, 62-07},
	
	title = {Rates of convergence for robust geometric inference},
	
	publisher = {arXiv},
	
	year = {2015},
	
	copyright = {arXiv.org perpetual, non-exclusive license}
}

@article{chazal2011geometric,
	title={Geometric inference for probability measures},
	author={Chazal, Fr{\'e}d{\'e}ric and Cohen-Steiner, David and M{\'e}rigot, Quentin},
	journal={Foundations of Computational Mathematics},
	volume={11},
	number={6},
	pages={733--751},
	year={2011},
	publisher={Springer}
}

@article{Minotte93,
	ISSN = {10618600},
	URL = {http://www.jstor.org/stable/1390955},
	abstract = {Recognition and extraction of features in a nonparametric density estimate are highly dependent on correct calibration. The data-driven choice of bandwidth h in kernel density estimation is a difficult one that is compounded by the fact that the globally optimal h is not generally optimal for all values of x. In recognition of this fact a new type of graphical tool, the mode tree, is proposed. The basic mode tree plot relates the locations of modes in density estimates with the bandwidths of those estimates. Additional information can be included on the plot indicating factors such as the size of modes, how modes split, and the locations of antimodes and bumps. The use of a mode tree in adaptive multimodality investigations is proposed, and an example is given to show the value in using a normal kernel, as opposed to the biweight or other kernels, in such investigations. Examples of such investigations are provided for Ahrens's chondrite data and van Winkle's Hidalgo stamp data. Finally, the bivariate mode tree is introduced, together with an example using Scott's lipid data.},
	author = {Michael C. Minnotte and David W. Scott},
	journal = {Journal of Computational and Graphical Statistics},
	number = {1},
	pages = {51--68},
	publisher = {[American Statistical Association, Taylor & Francis, Ltd., Institute of Mathematical Statistics, Interface Foundation of America]},
	title = {The Mode Tree: A Tool for Visualization of Nonparametric Density Features},
	urldate = {2022-09-08},
	volume = {2},
	year = {1993}
}

@misc{cavanna2015,
	doi = {10.48550/ARXIV.1506.03797},
	
	url = {https://arxiv.org/abs/1506.03797},
	
	author = {Cavanna, Nicholas J. and Jahanseir, Mahmoodreza and Sheehy, Donald R.},
	
	keywords = {Computational Geometry (cs.CG), FOS: Computer and information sciences, FOS: Computer and information sciences},
	
	title = {A Geometric Perspective on Sparse Filtrations},
	
	publisher = {arXiv},
	
	year = {2015},
	
	copyright = {arXiv.org perpetual, non-exclusive license}
}

@misc{Dey2013,
	doi = {10.48550/ARXIV.1304.0662},
	
	url = {https://arxiv.org/abs/1304.0662},
	
	author = {Dey, Tamal K. and Fan, Fengtao and Wang, Yusu},
	
	keywords = {Computational Geometry (cs.CG), Algebraic Topology (math.AT), FOS: Computer and information sciences, FOS: Computer and information sciences, FOS: Mathematics, FOS: Mathematics},
	
	title = {Graph Induced Complex on Point Data},
	
	publisher = {arXiv},
	
	year = {2013},
	
	copyright = {arXiv.org perpetual, non-exclusive license}
}

@article{hensel2021survey,
	title={A survey of topological machine learning methods},
	author={Hensel, Felix and Moor, Michael and Rieck, Bastian},
	journal={Frontiers in Artificial Intelligence},
	volume={4},
	pages={681108},
	year={2021},
	publisher={Frontiers Media SA}
}

@misc{Sheehy2012,
	doi = {10.48550/ARXIV.1203.6786},
	
	url = {https://arxiv.org/abs/1203.6786},
	
	author = {Sheehy, Donald R.},
	
	keywords = {Computational Geometry (cs.CG), Data Structures and Algorithms (cs.DS), FOS: Computer and information sciences, FOS: Computer and information sciences},
	
	title = {Linear-Size Approximations to the Vietoris-Rips Filtration},
	
	publisher = {arXiv},
	
	year = {2012},
	
	copyright = {arXiv.org perpetual, non-exclusive license}
}

@article{schenckalgebraic,
	title={Algebraic Foundations for Topological Data Analysis DRAFT 15 January 2022},
	author={Schenck, Hal},
	year = {2022},
	url = {http://webhome.auburn.edu/~hks0015/data.pdf}
}

@article{Botnan2022_lecture_notes,
	title={Topological Data Analysis},
	author={Botnan, Magnus Bakke},
	year = {2022},
	url = {http://www.few.vu.nl/~botnan/lecture_notes.pdf}
}


@misc{Chazal2017,
	doi = {10.48550/ARXIV.1710.04019},
	
	url = {https://arxiv.org/abs/1710.04019},
	
	author = {Chazal, Frédéric and Michel, Bertrand},
	
	keywords = {Statistics Theory (math.ST), Machine Learning (cs.LG), Algebraic Topology (math.AT), Machine Learning (stat.ML), FOS: Mathematics, FOS: Mathematics, FOS: Computer and information sciences, FOS: Computer and information sciences},
	
	title = {An introduction to Topological Data Analysis: fundamental and practical aspects for data scientists},
	
	publisher = {arXiv},
	
	year = {2017},
	
	copyright = {arXiv.org perpetual, non-exclusive license}
}

@InProceedings{Blaser2019,
	author="Blaser, Nello
	and Brun, Morten",
	editor="Holzinger, Andreas
	and Kieseberg, Peter
	and Tjoa, A Min
	and Weippl, Edgar",
	title="Sparse Nerves in Practice",
	booktitle="Machine Learning and Knowledge Extraction",
	year="2019",
	publisher="Springer International Publishing",
	address="Cham",
	pages="272--284",
	abstract="Topological data analysis combines machine learning with methods from algebraic topology. Persistent homology, a method to characterize topological features occurring in data at multiple scales is of particular interest. A major obstacle to the wide-spread use of persistent homology is its computational complexity. In order to be able to calculate persistent homology of large datasets, a number of approximations can be applied in order to reduce its complexity. We propose algorithms for calculation of approximate sparse nerves for classes of Dowker dissimilarities including all finite Dowker dissimilarities and Dowker dissimilarities whose homology is {\v{C}}ech persistent homology.",
	isbn="978-3-030-29726-8"
}

@misc{Blaser2018,
	doi = {10.48550/ARXIV.1810.02149},
	
	url = {https://arxiv.org/abs/1810.02149},
	
	author = {Blaser, Nello and Brun, Morten},
	
	keywords = {Algebraic Topology (math.AT), FOS: Mathematics, FOS: Mathematics, 55U10},
	
	title = {Sparse Filtered Nerves},
	
	publisher = {arXiv},
	
	year = {2018},
	
	copyright = {arXiv.org perpetual, non-exclusive license}
}

@article{Brun2019,
	doi = {10.1007/s41468-019-00028-9},
	
	url = {https://doi.org/10.1007%2Fs41468-019-00028-9},
	
	year = 2019,
	month = {jun},
	
	publisher = {Springer Science and Business Media {LLC}
	},
	
	volume = {3},
	
	number = {1-2},
	
	pages = {1--28},
	
	author = {Morten Brun and Nello Blaser},
	
	title = {Sparse Dowker nerves},
	
	journal = {Journal of Applied and Computational Topology}
}

@misc{Lesnick2015,
	doi = {10.48550/ARXIV.1512.00180},
	
	url = {https://arxiv.org/abs/1512.00180},
	
	author = {Lesnick, Michael and Wright, Matthew},
	
	keywords = {Algebraic Topology (math.AT), Computational Geometry (cs.CG), Commutative Algebra (math.AC), FOS: Mathematics, FOS: Mathematics, FOS: Computer and information sciences, FOS: Computer and information sciences},
	
	title = {Interactive Visualization of 2-D Persistence Modules},
	
	publisher = {arXiv},
	
	year = {2015},
	
	copyright = {arXiv.org perpetual, non-exclusive license}
}

@misc{Atienza2017,
	doi = {10.48550/ARXIV.1701.07857},
	
	url = {https://arxiv.org/abs/1701.07857},
	
	author = {Atienza, Nieves and Gonzalez-Diaz, Rocio and Rucco, Matteo},
	
	keywords = {Other Computer Science (cs.OH), FOS: Computer and information sciences, FOS: Computer and information sciences},
	
	title = {Persistent Entropy for Separating Topological Features from Noise in Vietoris-Rips Complexes},
	
	publisher = {arXiv},
	
	year = {2017},
	
	copyright = {arXiv.org perpetual, non-exclusive license}
}

@article{Atienza2020,
	doi = {10.1016/j.patcog.2020.107509},
	url = {https://doi.org/10.1016/j.patcog.2020.107509},
	year = 2020,
	month = {11},
	publisher = {Elsevier {BV}
	},
	
	volume = {107},
	
	pages = {107509},
	
	author = {Nieves Atienza and Rocio Gonzalez-Diaz and Manuel Soriano-Trigueros},
	
	title = {On the stability of persistent entropy and new summary functions for topological data analysis},
	
	journal = {Pattern Recognition}
}

@article{Adams2015,
	doi = {10.48550/ARXIV.1507.06217},
	
	url = {https://arxiv.org/abs/1507.06217},
	
	author = {Adams, Henry and Chepushtanova, Sofya and Emerson, Tegan and Hanson, Eric and Kirby, Michael and Motta, Francis and Neville, Rachel and Peterson, Chris and Shipman, Patrick and Ziegelmeier, Lori},
	
	keywords = {Computational Geometry (cs.CG), Algebraic Topology (math.AT), Machine Learning (stat.ML), FOS: Computer and information sciences, FOS: Computer and information sciences, FOS: Mathematics, FOS: Mathematics, F.2.2; I.5.2},
	
	title = {Persistence Images: A Stable Vector Representation of Persistent Homology},
	
	publisher = {arXiv},
	
	year = {2015},
	
	copyright = {arXiv.org perpetual, non-exclusive license}
}

@InProceedings{Bubenik2020,
	author="Bubenik, Peter",
	editor="Baas, Nils A.
	and Carlsson, Gunnar E.
	and Quick, Gereon
	and Szymik, Markus
	and Thaule, Marius",
	title="The Persistence Landscape and Some of Its Properties",
	booktitle="Topological Data Analysis",
	year="2020",
	publisher="Springer International Publishing",
	address="Cham",
	pages="97--117",
	abstract="Persistence landscapes map persistence diagrams into a function space, which may often be taken to be a Banach space or even a Hilbert space. In the latter case, it is a feature map and there is an associated kernel. The main advantage of this summary is that it allows one to apply tools from statistics and machine learning. Furthermore, the mapping from persistence diagrams to persistence landscapes is stable and invertible. We introduce a weighted version of the persistence landscape and define a one-parameter family of Poisson-weighted persistence landscape kernels that may be useful for learning. We also demonstrate some additional properties of the persistence landscape. First, the persistence landscape may be viewed as a tropical rational function. Second, in many cases it is possible to exactly reconstruct all of the component persistence diagrams from an average persistence landscape. It follows that the persistence landscape kernel is characteristic for certain generic empirical measures. Finally, the persistence landscape distance may be arbitrarily small compared to the interleaving distance.",
	isbn="978-3-030-43408-3"
}

@misc{Blumberg2020,
	doi = {10.48550/ARXIV.2010.09628},
	
	url = {https://arxiv.org/abs/2010.09628},
	
	author = {Blumberg, Andrew J. and Lesnick, Michael},
	
	keywords = {Algebraic Topology (math.AT), Computational Geometry (cs.CG), FOS: Mathematics, FOS: Mathematics, FOS: Computer and information sciences, FOS: Computer and information sciences},
	
	title = {Stability of 2-Parameter Persistent Homology},
	
	publisher = {arXiv},
	
	year = {2020},
	
	copyright = {arXiv.org perpetual, non-exclusive license}
}


@article{Fasy2014,
	doi = {10.1214/14-aos1252},
	
	url = {https://doi.org/10.1214%2F14-aos1252},
	
	year = 2014,
	month = {dec},
	
	publisher = {Institute of Mathematical Statistics},
	
	volume = {42},
	
	number = {6},
	
	author = {Brittany Terese Fasy and Fabrizio Lecci and Alessandro Rinaldo and Larry Wasserman and Sivaraman Balakrishnan and Aarti Singh},
	
	title = {Confidence sets for persistence diagrams},
	
	journal = {The Annals of Statistics}
}

@misc{Phillips2013,
	doi = {10.48550/ARXIV.1307.7760},
	
	url = {https://arxiv.org/abs/1307.7760},
	
	author = {Phillips, Jeff M. and Wang, Bei and Zheng, Yan},
	
	keywords = {Computational Geometry (cs.CG), FOS: Computer and information sciences, FOS: Computer and information sciences},
	
	title = {Geometric Inference on Kernel Density Estimates},
	
	publisher = {arXiv},
	
	year = {2013},
	
	copyright = {arXiv.org perpetual, non-exclusive license}
}


@article{Bauer2015,
	doi = {10.20382/JOCG.V6I2A9},
	
	url = {https://jocg.org/index.php/jocg/article/view/2983},
	
	author = {Bauer, Ulrich and Lesnick, Michael},
	
	language = {en},
	
	title = {Induced matchings and the algebraic stability of persistence barcodes},
	
	journal = {Journal of Computational Geometry},
	
	pages = {Vol. 6 No. 2 (2015): Special issue of Selected Papers from SoCG 2014},
	
	publisher = {Journal of Computational Geometry},
	
	year = {2015}
}

@misc{Vishwanath2022,
	doi = {10.48550/ARXIV.2206.01795},
	
	url = {https://arxiv.org/abs/2206.01795},
	
	author = {Vishwanath, Siddharth and Sriperumbudur, Bharath K. and Fukumizu, Kenji and Kuriki, Satoshi},
	
	keywords = {Statistics Theory (math.ST), Computational Geometry (cs.CG), Machine Learning (cs.LG), Algebraic Topology (math.AT), Machine Learning (stat.ML), FOS: Mathematics, FOS: Mathematics, FOS: Computer and information sciences, FOS: Computer and information sciences, 62R40, 55N31, 68T09},
	
	title = {Robust Topological Inference in the Presence of Outliers},
	
	publisher = {arXiv},
	
	year = {2022},
	
	copyright = {arXiv.org perpetual, non-exclusive license}
}

@misc{Carriere2019,
	doi = {10.48550/ARXIV.1904.09378},
	
	url = {https://arxiv.org/abs/1904.09378},
	
	author = {Carrière, Mathieu and Chazal, Frédéric and Ike, Yuichi and Lacombe, Théo and Royer, Martin and Umeda, Yuhei},
	
	keywords = {Machine Learning (stat.ML), Computational Geometry (cs.CG), Machine Learning (cs.LG), Algebraic Topology (math.AT), FOS: Computer and information sciences, FOS: Computer and information sciences, FOS: Mathematics, FOS: Mathematics},
	
	title = {PersLay: A Neural Network Layer for Persistence Diagrams and New Graph Topological Signatures},
	
	publisher = {arXiv},
	
	year = {2019},
	
	copyright = {arXiv.org perpetual, non-exclusive license}
}

@misc{Chazal2012,
	doi = {10.48550/ARXIV.1207.3674},
	
	url = {https://arxiv.org/abs/1207.3674},
	
	author = {Chazal, Frederic and de Silva, Vin and Glisse, Marc and Oudot, Steve},
	
	keywords = {Algebraic Topology (math.AT), Computational Geometry (cs.CG), Category Theory (math.CT), FOS: Mathematics, FOS: Mathematics, FOS: Computer and information sciences, FOS: Computer and information sciences},
	
	title = {The structure and stability of persistence modules},
	
	publisher = {arXiv},
	
	year = {2012},
	
	copyright = {arXiv.org perpetual, non-exclusive license}
}

@article {MR4007749,
	AUTHOR = {Biscio, Christophe A. N. and M{\o}ller, Jesper},
	TITLE = {The accumulated persistence function, a new useful functional
		summary statistic for topological data analysis, with a view
		to brain artery trees and spatial point process applications},
	JOURNAL = {J. Comput. Graph. Statist.},
	FJOURNAL = {Journal of Computational and Graphical Statistics},
	VOLUME = {28},
	YEAR = {2019},
	NUMBER = {3},
	PAGES = {671--681},
	ISSN = {1061-8600},
	MRCLASS = {62-07 (55N35 60G55 62M30 62P10)},
	MRNUMBER = {4007749},
	DOI = {10.1080/10618600.2019.1573686},
	URL = {https://doi.org/10.1080/10618600.2019.1573686},
}

@misc{krebs2019asymptotic,
	title={On the asymptotic normality of persistent Betti numbers},
	author={Johannes T. N. Krebs and Wolfgang Polonik},
	year={2019},
	eprint={1903.03280},
	archivePrefix={arXiv},
	primaryClass={math.PR}
}

@InProceedings{RelativePH,
	author ={Nello Blaser and Morten Brun},
	title ={{Relative Persistent Homology}},
	booktitle ={36th International Symposium on Computational Geometry (SoCG 2020)},
	pages ={18:1--18:10},
	series ={Leibniz International Proceedings in Informatics (LIPIcs)},
	ISBN ={978-3-95977-143-6},
	ISSN ={1868-8969},
	year ={2020},
	volume ={164},
	editor ={Sergio Cabello and Danny Z. Chen},
	publisher ={Schloss Dagstuhl--Leibniz-Zentrum f{\"u}r Informatik},
	address ={Dagstuhl, Germany},
	URL ={https://drops.dagstuhl.de/opus/volltexte/2020/12176},
	URN ={urn:nbn:de:0030-drops-121762},
	doi ={10.4230/LIPIcs.SoCG.2020.18},
}


@article{bousquet2002stability,
	title={Stability and generalization},
	author={Bousquet, Olivier and Elisseeff, Andr{\'e}},
	journal={The Journal of Machine Learning Research},
	volume={2},
	pages={499--526},
	year={2002},
	publisher={JMLR. org}
}

@misc{Crawley2012,
	doi = {10.48550/ARXIV.1210.0819},
	
	url = {https://arxiv.org/abs/1210.0819},
	
	author = {Crawley-Boevey, William},
	
	keywords = {Representation Theory (math.RT), FOS: Mathematics, FOS: Mathematics, 16G20},
	
	title = {Decomposition of pointwise finite-dimensional persistence modules},
	
	publisher = {arXiv},
	
	year = {2012},
	
	copyright = {arXiv.org perpetual, non-exclusive license}
}

@inproceedings{cohen2005stability,
	title={Stability of persistence diagrams},
	author={Cohen-Steiner, David and Edelsbrunner, Herbert and Harer, John},
	booktitle={Proceedings of the twenty-first annual symposium on Computational geometry},
	pages={263--271},
	year={2005}
}

@misc{Rolle22,
	doi = {10.48550/ARXIV.2203.08767},
	
	url = {https://arxiv.org/abs/2203.08767},
	
	author = {Rolle, Alexander},
	
	keywords = {Algebraic Topology (math.AT), Computational Geometry (cs.CG), FOS: Mathematics, FOS: Mathematics, FOS: Computer and information sciences, FOS: Computer and information sciences, 55N31},
	
	title = {The Degree-Rips Complexes of an Annulus with Outliers},
	
	publisher = {arXiv},
	
	year = {2022},
	
	copyright = {arXiv.org perpetual, non-exclusive license}
}
